@online{c_manual,
	author = {{Multiple Authors}},
	title = {The GNU C Reference Manual},
	year = {2008},
	url = {http://www.gnu.org/software/gnu-c-manual/gnu-c-manual.html},
	urldate = {18-04-2016},
	organization = {Free Software Foundation, Inc.},
}

@online{c_manual_2,
	author = {{Eric Huss}},
	title = {The C Library Reference Guide},
	year = {1997},
	url = {https://www-s.acm.illinois.edu/webmonkeys/book/c_guide/},
	urldate = {18-04-2016},
}

@online{modbus_types,
	author = {{Multiple Authors}},
	title = {Protocol:Modbus},
	year = {2015},
	url = {http://www.seriousintegrated.com/w/index.php?title=Protocol:Modbus},
	urldate = {18-04-2016},
	organization = {Serious Integrated},
}

@online{modbus_protocol_3,
	author = {{Multiple Authors}},
	title = {MODBUS over Serial Line Specification \& Implementation guide V1.0},
	year = {2002},
	url = {http://www.modbus.org/docs/Modbus_over_serial_line_V1.pdf},
	urldate = {18-04-2016},
	organization = {Modbus.org},
}

@online{modbus_protocol_4,
	author = {George Thomas},
	title = {Introduction to Modbus Serial and Modbus TCP},
	year = {2008},
	url = {https://www.ccontrols.com/pdf/Extv9n5.pdf},
	urldate = {18-04-2016},
	organization = {Contemporary Controls},
}

@manual{ModTCP,
    title = "MODBUS Messaging on TCP/IP Implementation Guide",
    author = "{Multiple Authors}",
    year = "2006",
    organisation = "Modbus Organisation",
    url = "http://www.modbus.org/docs/Modbus_Messaging_Implementation_Guide_V1_0b.pdf"
}

@online{ModFAQ,
	author = "mvader",
	title = {CCGX Modbus TCP FAQ},
	year = {2016},
	urldate = {19-4-2016},
	url = {https://www.victronenergy.com/live/ccgx:modbustcp_faq}
}

@manual{GXPanel,
    title = "Manual Digital Multi Control GX Panel",
    author = "{Multiple Authors}",
    year = "2008",
    organisation = "Victron Energy B.V",
    url = "https://www.victronenergy.nl/upload/documents/Manual-Digital-Multi-Control-GX-Panel-EN-NL-FR-DE-ES.pdf"
}

@manual{invCharg,
    title = "Multiplus inverter charger 800va 5kva datasheet",
    author = "{Multiple Authors}",
    organisation = "Victron Energy B.V",
    url = "https://www.stroomwinkel.nl/download/Datasheet/datasheet_multiplus-inverter-charger--800va-%E2%80%93-5kva-nl.pdf"
}

@manual{sensor,
    title = "Manuel Family of smart weather sensors",
    author = "{Multiple Authors}",
    organisation = "G. Lufft Mess- und Regeltechniek GmbH",
    url = "http://www.lufft.com/dateianzeige.php/?Dateiname=download/manual/WSx-UMB_V30_e.pdf"
}

@Book{Embedded,
author = {David E. Simon},
title = {An embedded software primer},
publisher = {Addison-Wesley Longman Publishing Co},
year = {1999},
country = {USA},
edition = {1ste} 
}

@manual{ModProto,
    title = "Modicon modbus protocol reference guide",
    author = "Modicon",
    organisation = "MODICON inc",
    year = {1996},
    url = "http://modbus.org/docs/PI_MBUS_300.pdf"
}

@online{odroid_specs,
	title = {Technical Detail},
	author = {{Multiple Authors}},
	year = {2013},
	url = {http://www.hardkernel.com/main/products/prdt_info.php?g_code=g138745696275&tab_idx=2},
	urldate = {19-04-2016},
	organization = {Hardkernel},
}

@online{odroid_schematics,
	title = {ODROID U3 Schematics V05.pdf},
	author = {{Multiple Authors}},
	year = {2014},
	url = {https://drive.google.com/file/d/0B4UPrML8Nk9lSk5aai1MQ1VVTmc/edit?pref=2&pli=1},
	urldate = {19-04-2016},
	organization = {Hardkernel},
}