@online{HTML5_manual,
    author = {Lachlan Hunt},
    title = {HTML5 Reference - The Syntax, Vocabulary and APIs of HTML5},
    year = {2016},
    url = "https://dev.w3.org/html5/html-author/"
}

@online{HTML5_push_api, 
    author = {{Multiple Authors}},
    title = {Push API, W3C Working Draft 15 December 2015},
    year = {2015},
    url = "https://www.w3.org/TR/push-api/"
}

@online{HTML5_notifications,
    author = {John Gregg},
    title = {Web Notifications, W3C Recommendation 22 October 2015},
    year = {2015},
    url = "https://www.w3.org/TR/notifications/"
}

@online{HTML5_canvas,
    author = {{Multiple authors}},
    title = "Codepen - Front End Developer Playground \& Code Editor in the Browser",
    year = {2016},
    url = "https://codepen.io"
}

@online{HTML5_main_voorbeeld_1,
	author = {{Multiple authors}},
	title =	"Amsterdam vehicle 2 grid",
	year = {2016},
	url = "http://www.amsterdamvehicle2grid.nl"
}

@online{HTML5_main_voorbeeld_2,
	author = {{Multiple authors}},
	title =	"Wien bicycle and electric bike rentals",
	year = {2016},
	url = "https://www.wien.info/en/vienna-for/sports/cycling/bicycle-rentals"
}

@online{HTML5_app_voorbeeld_1,
	author = {{Multiple authors}},
	title =	"ZonneDelen",
	year = {2016},
	url = "http://app.zonnepanelendelen.nl/"
}

@online{HTML5_app_voorbeeld_2,
	author = {{Multiple authors}},
	title =	"Toon van Eneco",
	year = {2016},
	url = "http://www.eneco.nl/toon-thermostaat#energieverbruik"
}


@Unpublished{slidesTI1506,
author = {{Dr. A. Bozzon} and {Dr. C. Hauff}},
title = {{TI1506:} {W}eb and {D}atabase {T}echnology {Bsc. TI, 1e jaar, 2015-2016}},
note = {Slides voor {TU Delft} {TI1506} Course},
}

@Book{reference_php_html5_mysql,
author = {R. Nixon},
title = {Learning PHP, MySQL, JavaScript, CSS \& HTML5: A step-by-step guide to creating dynamic websites, Third Edition},
publisher = {O'Reilly},
location = {Sebastopol},
language = {English},
year = {2014},
note = {Raadpleegbron voor PHP, HTML5 en MySQL.}
}

@Book{database_book,
author = {{R. Elmasri} and {S.B. Navathe}}, 
title = {Fundamentals of Database Systems. Sixth Edition},
publisher = {Addison-Wesley},
location = {Boston},
language = {English},
year = {2007},
note = {Bron voor SQL}
}

@online{php_manual,
author={{PHP Documentation Group}},
title = {PHP Manual},
url = "http://php.net/manual/en/intro-whatis.php",
year = {2016}
}
