@online{ftsac,
  author = {{Multiple authors}},
  title = {Actieradius van een elektrische fiets},
  url = "https://www.fietsersbond.nl/de-fiets/fietssoorten/elektrische-fietsen/actieradius#.Vw-KQT9Cyu4",
  organization = {Fietsersbond},
}

@online{batac,
  author = {{Multiple authors}},
  title = {Actieradius},
  url = "https://www.batavus.nl/elektrische-fietsen/informatie-over-elektrische-fietsen/actieradius",
  organization = {Batavus},
}

Feasibility thing

@Unpublished{feas,
  title = {Solar Powered eBike Charging Station: Feasibility Study and Budget},
  author = {{Multiple authors}},
  year = 2014,
  organization = {Delft University of Technology},
  note = {Design specifications of the charging station}
}

@online{bss,
  author = {Fabian Fogelberg},
  title = {Solar Powered Bike Sharing System with Electric Bikes: An overview of the energy system and the technical system design.},
  url = {http://publications.lib.chalmers.se/records/fulltext/200760/200760.pdf},
  year = 2014,
  location = {G\"oteborg, Sweden},
  organization = {Chalmers University of Technology}
}

@online{chargtemp,
  author = {{Multiple Authors}},
  title = {BU-410: Charging at High and Low Temperatures},
  url = {http://batteryuniversity.com/learn/article/charging_at_high_and_low_temperatures},
  year = 2016,
  Organization = {Battery University}
}

Similar projects

@online{chargepoint,
  url = {http://www.chargepoint.com/mobile},
  title = {Download the ChargePoint Mobile App},
  organization = {ChargePoint},
  author = {{Multiple Authors}}
}

@online{greencharge,
  url = {http://www.greenchargeapp.com},
  title = {GreenCharge: Take control of your electric car},
  organization = {Recargo, Inc},
  author = {{Multiple Authors}}
}

@online{planyo,
  url = {https://www.planyo.com},
  title = {Booking system for every business type},
  organization = {Xtreeme Sagl},
  author = {{Multiple Authors}}
}
