online{defweblog,
    author = {Hans de Vreij},
    title = {Gebruik van drones kan wel degelijk nut hebben},
    year = 2013,
    url = {http://defensieweblog.blogspot.nl/2013/03/gebruik-van-drones-kan-wel-degelijk-nut.html},
    urldate = {25-04-2016}
}

online{nrcnieuws,
    author = {Steven de Jong},
    title = {Raketten afvuren vanaf kantoor. Drones maken oorlogen minder vuil},
    year = 2011,
    url = "http://www.nrc.nl/nieuws/2011/10/10/raketten-afvuren-vanaf-kantoor-drones-maken-oorlogen-minder-vuil",
    urldate = {25-04-2016}
}


@online{guardian,
    author = {Spencer Ackerman},
    title = { US drone strikes â€“ the facts on the ground },
    year = 2014,
    url = "http://www.theguardian.com/us-news/2014/nov/24/-sp-us-drone-strikes-kill-1147",
    urldate = {26-04-2016}
}

@online{papers,
    author = {{Multiple authors}},
    title = { The Drone Papers },
    year = 2015,
    url = "https://theintercept.com/drone-papers/",
    urldate = {26-04-2016}
}

online{asimov,
    author = {{Multiple authors}},
    title = {Drie wetten van de robotica},
    year = 2016,
    url = "https://nl.wikipedia.org/wiki/Drie_wetten_van_de_robotica",
    urldate = {27-03-2016}
}

online{philosophytalk.org,
	author = {James Igoe Walsh}{Marcus Schulzke},
	title = {The Ethics of Drone Warfare},
	year = {2015},
	url = "http://www.strategicstudiesinstitute.army.mil/pubs/display.cfm?pubID=1289",
	urldate = {13-05-2016}
}

@online{pdf_ethiek_drone_aanvallen,
	author = {Martijn van Luenen},
	title = {Drones en Robotsoldaten; doden met \'e\'en druk op de knop},
	url = "http://www.sen-foundation.org/wp-content/uploads/Ethiek-van-drone-aanvallen.pdf",
	urldate = {25-04-2016}
}

online{lower_threshold,
	author = {Chris Cole},
	title = {Drones do 'lower threshold for use of lethal force' academic study finds},
	year = {2016},
	url = {https://dronewars.net/2016/02/12/drones-do-lower-threshold-for-use-of-lethal-force-academic-study-finds/},
	urldate = {22-04-2016},
}

online{voor_tegen,
	author = {{Multiple Authors}},
	title = {Is drone warfare ethical?},
	year = {2015},
	url = {http://www.stanforddaily.com/2015/02/16/is-drone-warfare-ethical/},
	urldate = {22-04-2016},
}

@online{ethical_analysis,
	author = {{Multiple Authors}},
	title = {Modern Drone Warfare: An Ethical Analysis},
	year = {2013},
	url = {http://se.asee.org/proceedings/ASEE2013/Papers2013/157.PDF},
	urldate = {22-04-2016},
}
@online{briefing,
  	author = {Patrick Lin},
  	title = {Drone-Ethics Briefing: What a Leading Robot Expert Told the CIA},
  	year = {2011},
  	url = {http://www.theatlantic.com/technology/print/2011/12/drone-ethics-briefing-what-a-leading-robot-expert-told-the-cia/250060/},
  	urldate = {4-05-2016},
}
